[gd_scene load_steps=15 format=2]

[ext_resource path="res://item/item.gd" type="Script" id=1]
[ext_resource path="res://UI/src/button_start.png" type="Texture" id=2]
[ext_resource path="res://NunitoSans-Regular.ttf" type="DynamicFontData" id=3]
[ext_resource path="res://UI/src/item_level_progress.png" type="Texture" id=4]
[ext_resource path="res://UI/src/item_level_progress_full.png" type="Texture" id=5]
[ext_resource path="res://UI/src/path817.png" type="Texture" id=6]
[ext_resource path="res://UI/src/path821.png" type="Texture" id=7]
[ext_resource path="res://UI/src/path821-gree.png" type="Texture" id=8]
[ext_resource path="res://UI/src/path819.png" type="Texture" id=9]
[ext_resource path="res://UI/src/path4534.png" type="Texture" id=10]

[sub_resource type="DynamicFont" id=1]
size = 14
font_data = ExtResource( 3 )

[sub_resource type="DynamicFont" id=4]
size = 30
font_data = ExtResource( 3 )

[sub_resource type="DynamicFont" id=2]
size = 30
font_data = ExtResource( 3 )

[sub_resource type="DynamicFont" id=3]
size = 20
font_data = ExtResource( 3 )

[node name="item" type="Node2D"]
position = Vector2( -74.9665, -3.31708 )
script = ExtResource( 1 )

[node name="advanced_controls" type="Container" parent="."]
anchor_top = 0.5
anchor_bottom = 0.5
margin_left = -143.0
margin_top = -43.0
margin_right = 184.0
margin_bottom = 44.0

[node name="btn_generate" type="TextureButton" parent="advanced_controls"]
margin_left = 45.0
margin_right = 129.0
margin_bottom = 81.0
texture_normal = ExtResource( 2 )

[node name="item_name" type="Label" parent="advanced_controls/btn_generate"]
margin_left = 3.0
margin_top = 17.0
margin_right = 78.0
margin_bottom = 58.0
custom_colors/font_color = Color( 0, 0, 0, 1 )
custom_fonts/font = SubResource( 1 )
text = "aaaa"
align = 1
valign = 1
autowrap = true

[node name="level_progress_bar" type="TextureProgress" parent="advanced_controls"]
margin_left = 50.0
margin_top = 59.0
margin_right = 125.0
margin_bottom = 83.0
texture_under = ExtResource( 4 )
texture_progress = ExtResource( 5 )
__meta__ = {
"_edit_group_": true
}

[node name="item_quantity" type="Label" parent="advanced_controls/level_progress_bar"]
margin_top = 3.0
margin_right = 74.0
margin_bottom = 23.0
custom_colors/font_color = Color( 0, 0, 0, 1 )
text = "0"
align = 1
valign = 1

[node name="btn_buy_item" type="TextureButton" parent="advanced_controls"]
margin_left = 134.0
margin_top = 29.0
margin_right = 249.0
margin_bottom = 80.0
texture_normal = ExtResource( 6 )
__meta__ = {
"_edit_group_": true
}

[node name="btn_buy_item_label" type="Label" parent="advanced_controls/btn_buy_item"]
margin_left = 3.0
margin_top = 2.0
margin_right = 113.0
margin_bottom = 49.0
custom_colors/font_color = Color( 0, 0, 0, 1 )
text = "Buy more for 999"
align = 1
valign = 1
autowrap = true

[node name="progress_bar" type="TextureProgress" parent="advanced_controls"]
margin_left = 131.0
margin_top = -13.0
margin_right = 357.0
margin_bottom = 27.0
texture_under = ExtResource( 7 )
texture_progress = ExtResource( 8 )
nine_patch_stretch = true

[node name="revenue" type="Label" parent="advanced_controls/progress_bar"]
margin_left = 55.0
margin_right = 167.0
margin_bottom = 39.0
custom_colors/font_color = Color( 0, 0, 0, 1 )
custom_fonts/font = SubResource( 4 )
text = "0"
align = 1
valign = 1

[node name="timer_container" type="Sprite" parent="advanced_controls"]
position = Vector2( 303.323, 55.7604 )
texture = ExtResource( 9 )

[node name="timer_label" type="Label" parent="advanced_controls/timer_container"]
margin_left = -26.0
margin_top = -4.0
margin_right = 30.0
margin_bottom = 10.0
custom_colors/font_color = Color( 0, 0, 0, 1 )
text = "00:00:00"

[node name="btn_buy_Item_first" type="TextureButton" parent="."]
visible = false
anchor_left = 0.5
anchor_top = 0.5
anchor_right = 0.5
anchor_bottom = 0.5
margin_left = -141.0
margin_top = -58.0
margin_right = 140.0
margin_bottom = 58.0
texture_normal = ExtResource( 10 )
stretch_mode = 1

[node name="item_initial_price" type="Label" parent="btn_buy_Item_first"]
margin_left = 108.0
margin_top = 45.0
margin_right = 205.0
margin_bottom = 87.0
custom_colors/font_color = Color( 0, 0, 0, 1 )
custom_fonts/font = SubResource( 2 )
text = "$00.00"

[node name="item_name" type="Label" parent="btn_buy_Item_first"]
margin_left = 75.0
margin_top = 11.0
margin_right = 155.0
margin_bottom = 53.0
custom_colors/font_color = Color( 0, 0, 0, 1 )
custom_fonts/font = SubResource( 3 )
text = "ITEM"

[node name="timer" type="Timer" parent="."]
process_mode = 0
wait_time = 100.0
one_shot = true

[connection signal="pressed" from="advanced_controls/btn_generate" to="." method="_on_btn_generate_pressed"]
[connection signal="pressed" from="advanced_controls/btn_buy_item" to="." method="_on_btn_buy_item_pressed"]
[connection signal="pressed" from="btn_buy_Item_first" to="." method="_on_btn_buy_item_pressed"]
[connection signal="timeout" from="timer" to="." method="_on_timer_timeout"]
